% This file was created with JabRef 2.7.2.
% Encoding: UTF8

@inproceedings{dalal2005histograms,
  title={Histograms of oriented gradients for human detection},
  author={Dalal, Navneet and Triggs, Bill},
  booktitle={2005 IEEE computer society conference on computer vision and pattern recognition (CVPR'05)},
  volume={1},
  pages={886--893},
  year={2005},
  organization={Ieee}
}

@article{felzenszwalb2009object,
  title={Object detection with discriminatively trained part-based models},
  author={Felzenszwalb, Pedro F and Girshick, Ross B and McAllester, David and Ramanan, Deva},
  journal={IEEE transactions on pattern analysis and machine intelligence},
  volume={32},
  number={9},
  pages={1627--1645},
  year={2009},
  publisher={IEEE}
}

@inproceedings{girshick2014rich,
  title={Rich feature hierarchies for accurate object detection and semantic segmentation},
  author={Girshick, Ross and Donahue, Jeff and Darrell, Trevor and Malik, Jitendra},
  booktitle={Proceedings of the IEEE conference on computer vision and pattern recognition},
  pages={580--587},
  year={2014}
}

@inproceedings{girshick2015fast,
  title={Fast r-cnn},
  author={Girshick, Ross},
  booktitle={Proceedings of the IEEE international conference on computer vision},
  pages={1440--1448},
  year={2015}
}

@article{ren2015faster,
  title={Faster r-cnn: Towards real-time object detection with region proposal networks},
  author={Ren, Shaoqing and He, Kaiming and Girshick, Ross and Sun, Jian},
  journal={Advances in neural information processing systems},
  volume={28},
  year={2015}
}

@inproceedings{redmon2016you,
  title={You only look once: Unified, real-time object detection},
  author={Redmon, Joseph and Divvala, Santosh and Girshick, Ross and Farhadi, Ali},
  booktitle={Proceedings of the IEEE conference on computer vision and pattern recognition},
  pages={779--788},
  year={2016}
}

@article{lillicrap2015continuous,
  title={Continuous control with deep reinforcement learning},
  author={Lillicrap, Timothy P and Hunt, Jonathan J and Pritzel, Alexander and Heess, Nicolas and Erez, Tom and Tassa, Yuval and Silver, David and Wierstra, Daan},
  journal={arXiv preprint arXiv:1509.02971},
  year={2015}
}

@inproceedings{caicedo2015active,
  title={Active object localization with deep reinforcement learning},
  author={Caicedo, Juan C and Lazebnik, Svetlana},
  booktitle={Proceedings of the IEEE international conference on computer vision},
  pages={2488--2496},
  year={2015}
}

@article{bueno2017hierarchical,
  title={Hierarchical object detection with deep reinforcement learning},
  author={Bueno, M{\'\i}riam Bellver and Nieto, Xavier Gir{\'o}-i and Marqu{\'e}s, Ferran and Torres, Jordi},
  journal={Deep Learning for Image Processing Applications},
  volume={31},
  number={164},
  pages={3},
  year={2017},
  publisher={IOS Press Amsterdam, The Netherlands}
}

@article{jie2016tree,
  title={Tree-structured reinforcement learning for sequential object localization},
  author={Jie, Zequn and Liang, Xiaodan and Feng, Jiashi and Jin, Xiaojie and Lu, Wen and Yan, Shuicheng},
  journal={Advances in neural information processing systems},
  volume={29},
  year={2016}
}

@inproceedings{nayak2020reinforcement,
  title={Reinforcement learning for improving object detection},
  author={Nayak, Siddharth and Ravindran, Balaraman},
  booktitle={Computer Vision--ECCV 2020 Workshops: Glasgow, UK, August 23--28, 2020, Proceedings, Part V 16},
  pages={149--161},
  year={2020},
  organization={Springer}
}

@inproceedings{lin2014microsoft,
  title={Microsoft coco: Common objects in context},
  author={Lin, Tsung-Yi and Maire, Michael and Belongie, Serge and Hays, James and Perona, Pietro and Ramanan, Deva and Doll{\'a}r, Piotr and Zitnick, C Lawrence},
  booktitle={Computer Vision--ECCV 2014: 13th European Conference, Zurich, Switzerland, September 6-12, 2014, Proceedings, Part V 13},
  pages={740--755},
  year={2014},
  organization={Springer}
}

@inproceedings{wang2023yolov7,
  title={YOLOv7: Trainable bag-of-freebies sets new state-of-the-art for real-time object detectors},
  author={Wang, Chien-Yao and Bochkovskiy, Alexey and Liao, Hong-Yuan Mark},
  booktitle={Proceedings of the IEEE/CVF Conference on Computer Vision and Pattern Recognition},
  pages={7464--7475},
  year={2023}
}